3300 4267
725 1607 2350 1830 χῬΚΟΟΕΜΙυΜ.

1761 1945 1790 1967 ,

543 2160 862 2232 vindicant
888 2160 1082 2229 Horti
1111 2156 1394 2226 Botanici
1421 2154 1667 2231 locum.
1772 2158 1903 2237 Hi,
1957 2162 2071 2229 rite
2113 2158 2394 2230 inssrussi
2436 2178 2496 2230 et
2520 2158 2705 2244 culti,
2752 2164 2853 2233 in·

545 2259 788 2359 fignem
822 2259 997 2329 alunt
1029 2252 1888 2353 numerumvegetabilium,
1939 2254 2271 2329 climatum
2298 2257 2725 2357 locorumque
2750 2284 2857 2330 na·

371 2360 594 2433 talium
625 2356 1230 2438 diuerfiffimorum,
1278 2353 1526 2451 illisque
1555 2359 1671 2451 per
1694 2358 1889 2423 varias
1920 2376 2147 2427 aetates
2171 2356 2640 2443 examinandis,
2682 2384 2859 2430 com·

376 2458 665 2557 parandis
720 2481 782 2532 et
831 2451 1322 2556 cognoscendis,
1378 2452 1773 2525 varietatibus
1812 2446 1966 2533 soli,
2032 2455 2311 2528 culturae
2350 2476 2469 2531 etc.
2510 2457 2587 2528 ad
2624 2452 2857 2556 species

380 2584 552 2631 veras
581 2556 986 2640 reducendiS,
1035 2552 1462 2626 constantibus
1503 2557 1965 2650 propagatione
2005 2554 2501 2637 confirmandiS,
2546 2562 2732 2631 variis
2779 2559 2862 2629 u'e

383 2657 1005 2731 obseruationibuset
1031 2653 1483 2742 tentaminibus
1524 2648 1953 2737 instituendis,
2000 2652 2212 2752 ficque
2245 2651 2692 2732 nanciscendae
2733 2584 2865 2753 spe·

387 2766 636 2831 cierum
678 2760 1074 2855 cognitioni,
1125 2751 1494 2824 stabiliendo
1536 2775 1854 2849 generum
1896 2756 2269 2840 chat-aeleri,
2319 2753 2727 2828 emendandis
2766 2752 2866 2849 sy-

389 2859 734 2943 stematum
786 2855 1142 2932 erroribus,
1200 2848 1564 2948 supplendis
1622 2874 1853 2922 eorum
1909 2859 1973 2923 'et
2014 2856 2453 2927 Theoriarum
2497 2851 2866 2937 defedlibns,

390 2954 796 3032 addiscendae
852 2952 1134 3026 culturae
1190 2948 1685 3049 indagandisque
1744 2955 1925 3022 variis
1969 2952 2211 3040 vfibus,
2270 2952 2526 3027 facilem
2566 2956 2868 3052 praebent

394 3055 820 3132 occasionem.
923 3053 1030 3126 Sic
1052 3049 1411 3121 Tironibus
1437 3048 1936 3149 comparandam
1961 3048 2263 3126 facilitant
2291 3059 2729 3153 cognitionem
2748 3058 2871 3126 Bo-

395 3166 669 3231 tanicam
694 3213 713 3244 ,
760 3158 1075 3226 Botanicis
1104 3148 1459 3248 augendam
1490 3145 1846 3229 scientiam,
1913 3152 2325 3251 Reipublicae
2371 3158 2664 3225 notitiam
2707 3152 2868 3227 iudi.

401 3283 717 3359 genarum
757 3274 819 3327 et
860 3257 1386 3351 peregrinorum,
1444 3254 1512 3318 in
1559 3244 1697 3320 vsus
1736 3255 1941 3323 varios
1994 3250 2487 3340 vertendorum,
2543 3273 2609 3325 vt
2655 3274 2874 3328 tamen

399 3360 548 3431 idco
575 3383 728 3429 cum
753 3356 1192 3426 oeconomicis
1218 3343 1656 3421 confundendi
1683 3372 1819 3419 non
1847 3345 1967 3422 fint
1998 3354 2218 3427 hortis.
2293 3357 2393 3424 ,ln
2429 3355 2732 3427 omnibus
2765 3361 2878 3455 igi·

403 3479 504 3530 tut
543 3453 727 3528 facile
775 3452 1125 3525 Academiis
1166 3454 1515 3548 cogitatum
1552 3445 1675 3519 fuit
1708 3444 1786 3519 de
1826 3449 2216 3525 instituendis
2255 3456 2451 3524 bortis
2480 3456 2789 3528 Botanicis
2817 3477 2880 3527 et

407 3557 557 3657 quid
594 3556 944 3655 profuerint
970 3548 1223 3623 amabili
1250 3553 1323 3620 ac
1347 3545 1702 3621 vtilisfimae
1735 3542 2061 3635 scientiae,
2105 3550 2389 3647 ejusdem
2430 3552 2711 3627 Historia
2753 3558 2879 3625 Lit-

408 3664 628 3729 teraria
653 3656 866 3729 docet.
2029 3657 2036 3671 '
2559 3702 2566 3708 -

605 3757 915 3853 Gryphici
946 3754 1140 3823 Horti
1170 3746 1294 3821 fata
1315 3745 1605 3848 exposuit
1630 3754 1878 3845 primus
1906 3755 2037 3839 ejus
2069 3747 2462 3838 Praefedlus,
2508 3756 2672 3827 Reu.
2712 3758 2776 3827 S.
2803 3757 2885 3830 G.

411 3857 680 3928 thzss
708 3858 784 3948 (¹
813 3858 877 3946 ),
927 3876 1102 3923 nunc
1125 3847 1341 3923 Pastor
1370 3847 1942 3933 Altenkirchenfis,
1990 3854 2091 3923 cui
2120 3850 2324 3924 multa
2355 3851 2539 3925 debet
2568 3858 2636 3922 in
2664 3853 2890 3927 Pome-

1629 3951 1691 4019 A
1744 3973 1790 4020 α
2714 3961 2887 4025 rania

492 4078 625 4158 (¹)
681 4074 898 4136 Hortus
949 4067 1258 4151 Gryphicus
1305 4062 1569 4126 exhibens
1602 4060 1837 4145 plantas
1876 4066 2073 4146 prima
2116 4066 2239 4142 ejus
2274 4059 2666 4147 constitutione
2698 4069 2893 4135 illatas

577 4163 639 4195 ’34
668 4156 818 4195 alon-.-
906 4176 1024 4195 nnn
1068 4172 1192 4195 nam
1233 4149 1403 4195 ann‘
1439 4143 1700 4195 Historia-
1788 4149 2084 4191 vankian
2119 4148 2268 4185 ...a-
2321 4157 2352 4179 n

360 2008 633 2279 Inter
670 2054 1084 2140 adminicula,
1137 2053 1464 2152 augendae
1505 2058 1625 2128 Rei
1664 2054 2048 2141 Herbariae,
2100 2063 2477 2157 primarium
2517 2054 2699 2131 facile
2738 2057 2852 2131 fibi
